/Users/claytonstanley/Documents/Dissertation-Pubs.bib